@article{ArtificalFear,
	title={On the Use of Virtual Animals with Artificial Fear inVirtual Environments},
	author={Delgado-Mata, C. and Martinez, J. I. and Bee, S. and Ruiz-Rodarte, R. and Aylett, R.},
	year={2002},
	url={https://sci-hub.tw/10.1007/s00354-007-0009-5}
}

@Article{LocalInformation,
	author = {Esteban Fernández-Juricic and Victor Kowalski },
	title = {Where does a flock end from an information perspective? A comparative experiment with live and robotic birds},
	journal = {Behavioral Ecology},
	url={https://academic.oup.com/beheco/article/22/6/1304/220324}
}

@Article{VicsekGeneral,
	author = {Tamas Vicsek and Andras Czirok and Eshel Ben-Jacob and Inon Cohen and Ofer Shoche},
	title = {Novel Type of Phase Transition in a System of Self-Driven Particles},
	journal = {Physical Review Letters},
	url={https://sci-hub.tw/10.1103/PhysRevLett.75.1226}
}

@Article{VicsekAnalyses,
	author = {Andrey V. Savkin},
	title = {Coordinated Collective Motion of Groups of AutonomousMobile Robots: Analysis of Vicsek’s Model},
	journal = {Physical Review Letters},
	url={https://sci-hub.tw/10.1109/TAC.2004.829621}
}

@Article{VicsekPatterns,
	author = {Tamas Vicsek and Anna Zafeiris},
	title = {Collective motion},
	url={https://arxiv.org/pdf/1010.5017.pdf}
}

@Article{VicsekLeader,
	author = {Norbert Tarcai and CsabaVir and Daniel Abel and Mate Nagy and Peter L Varkonyi and Gabor Vasarhelyi and Tamas Vicsek},
	title = {Patterns, transitions and the role ofleaders in the collective dynamics of asimple robotic flock},
	url={https://hal.elte.hu/flocking/browser/trunk/public/references/vasarhelyi/Tarcai2011.pdf?format=raw}
}

@Article{VicsekLeader2,
	author = {K. Ozogany and T. Vicsek},
	title = {Modeling the emergence of modular leadership hierarchyduring the collective motion of herds made of harems},
	url={https://arxiv.org/pdf/1403.0260.pdf}
}

@Article{VicsekAcceleration,
	author = {Peter Szabo and Mate Nagy and Tamas Vicsek},
	title = {Transitions in a self-propelled-particles model with coupling of accelerations},
	url={https://journals.aps.org/pre/abstract/10.1103/PhysRevE.79.021908},
	journal = {Physical Review},
}

@Article{Stigmergie,
	author = {R. Beckers and O.E. Holland and J.L. Deneubourg},
	title = {FROM LOCAL ACTIONS TO GLOBAL TASKS:STIGMERGY AND COLLECTIVE ROBOTICS},
	url={https://web.archive.org/web/20131104125931/http://www.eecs.harvard.edu/~rad/courses/cs266/papers/beckers-alife94.pdf}
}

@Article{Stigmergie2,
	author = {Owen Holland and Chris Melhuish},
	title = {Stigmergy, Self-Organization, and Sorting in Collective Robotics},
	url={https://www.mitpressjournals.org/doi/10.1162/106454699568737}
}

@Article{Stigmergie3,
	author = {C. Ronald Kube and Hong Zhang},
	title = {Collective Robotics: From Social Insectsto Robots},
	url={http://sci-hub.tw/https://doi.org/10.1177/105971239300200204},
}

@Online{CraigReynolds_Boids,
	url={http://www.red3d.com/cwr/boids/},
	title={Boids},
	urldate = {2019-02-25}
}

@PhdThesis{GamingCollision,
	author = {MingC.Lin},
	title = {Efficient Collision Detection for Animation and Robotics},
	school = {UNIVERSITY of CALIFORNIA at BERKELEY},
	year = {1993}
}

@Online{Ubuntu_touch,
	url={https://wiki.ubuntuusers.de/touch/},
	title={Linux touch},
	urldate = {2019-02-25}
}

@Article{RobotPatterns,
	author = {Justin Werfel and Yaneer Bar-Yam and Radhika Nagpal},
	title = {Building Patterned Structures with Robot Swarms},
	url={https://ssr.seas.harvard.edu/files/ssr/files/ijcai05-werfel.pdf},
}

@Article{RobotLeaderVirtual,
	author = {Housheng Su and Xiaofan Wang and Senior Member and Zongli Lin},
	title = {Flocking of Multi-Agents With a Virtual Leader},
	url={http://sci-hub.tw/10.1109/TAC.2008.2010897},
	journal = {IEEE TRANSACTIONS ON AUTOMATIC CONTROL, VOL. 54, NO. 2, FEBRUARY 2009},
}

@Article{RobotLeader,
	author = {Hande Celikkanat and Ali Emre Turgut and Erol Sahin},
	title = {Guiding a Robot Flock via Informed Robots},
	url={http://sci-hub.tw/10.1007/978-3-642-00644-9_19},
}

@INPROCEEDINGS{Beckers94fromlocal,
    author = {R. Beckers and O. E. Holland and J. L. Deneubourg},
    title = {From local actions to global tasks: Stigmergy and collective robotics},
    booktitle = {},
    year = {1994},
    pages = {181--189},
    publisher = {MIT Press}
}

@Article{FlockNoise,
	author = {Michael Rubenstein and Alejandro Cornejo and Radhika Nagpal},
	title = {Intrinsic and extrinsic noise effects on phase transitions of network modelswith applications to swarming systems},
	url={https://sci-hub.tw/10.1103/PhysRevE.77.061138},
	journal = {PHYSICAL REVIEW E77, 061138 2008},
}

@Article{Kilobot,
	author = {Jaime A. Pimentel and Maximino Aldana and Cristián Huepe and Hernán Larralde},
	title = {Programmable self-assembly in a thousand-robot swarm},
	url={http://science.sciencemag.org/content/345/6198/795/tab-article-info},
	journal = {Science},
}

@Article{ReynoldsFlocks,
	author = {Craig W. Reynolds},
	title = {Flocks, Herds, and Schools: A Distributed Behavioral Model},
	url={http://www.red3d.com/cwr/papers/1987/SIGGRAPH87.pdf},
}

@Article{RobotPheromones,
	author = {Anies Hannawati Pumamadjaja and R. Andrew Russell},
	title = {Pheromone Communication: Implementation of Necrophoric Bee Behaviour in a Robot Swarm},
	url={http://sci-hub.tw/10.1109/RAMECH.2004.1437993},
}





@Online{CPP_REFERENCE_FUNCTION,
	url={https://en.cppreference.com/w/cpp/utility/functional/function},
	title={std::function},
	urldate = {2019-02-25}
}

@Online{BOOST_REFERENCE_FUNCTION,
	url={https://theboostcpplibraries.com/boost.function},
	title={boost::function},
	urldate = {2019-02-25}
}

@Online{ROS_SOURCE_NodeHandle,
	url={http://docs.ros.org/lunar/api/roscpp/html/classros_1_1NodeHandle.html},
	title={ROS Sourcecode: NodeHandle},
	urldate = {2019-02-25}
}


%% ===== ===== ===== ===== ROS ===== ===== ===== =====

@Online{ROS_SLAM,
	url={http://wiki.ros.org/Build%20a%20map%20with%20SLAM},
	title={Build a map with SLAM},
	urldate = {2019-02-25}
}

@Online{ROS_TOPICS,
	url={http://wiki.ros.org/Topics},
	title={ROS Topics},
	urldate = {2019-02-25}
}

@Online{ROS_RQT,
	url={http://wiki.ros.org/rqt_graph},
	title={ROS RQT-Graph},
	urldate = {2019-02-25}
}

@Online{ROS_MASTER,
	url={http://wiki.ros.org/Master},
	title={ROS Master},
	urldate = {2019-02-25}
}

@Online{ROS_SERVER,
	url={http://wiki.ros.org/Parameter%20Server},
	title={ROS Server},
	urldate = {2019-02-25}
}

@Online{ROS_LAUNCH,
	url={http://wiki.ros.org/roslaunch},
	title={Roslaunch},
	urldate = {2019-02-25}
}

@Online{ROS_TURTLESIM,
	url={http://wiki.ros.org/turtlesim},
	title={ROS Turtlesim},
	urldate = {2019-02-25}
}

@Online{ROS_MSG,
	url={http://wiki.ros.org/msg},
	title={ROS Message},
	urldate = {2019-02-25}
}

@Online{ROS_CATKIN,
	url={wiki.ros.org/catkin},
	title={ROS Catkin},
	urldate = {2019-02-25}
}

@Online{ROS_NODES,
	url={http://wiki.ros.org/Nodes},
	title={ROS Nodes},
	urldate = {2019-02-25}
}